<record><leader>00000cas a2200000 a 4500</leader><controlfield tag="001">30790761</controlfield><controlfield tag="008">940719c19859999iludr ne      0   a0eng c</controlfield><datafield ind1=" " ind2=" " tag="010"><subfield code="a">sn 94054387 </subfield></datafield><datafield ind1=" " ind2=" " tag="040"><subfield code="a">NVF</subfield><subfield code="b">eng</subfield><subfield code="c">NVF</subfield><subfield code="d">CVF</subfield><subfield code="d">NVF</subfield><subfield code="d">OCLCQ</subfield><subfield code="d">OCLCF</subfield><subfield code="d">OCLCO</subfield><subfield code="d">NVF</subfield><subfield code="d">OCLCO</subfield><subfield code="d">OCL</subfield></datafield><datafield ind1="1" ind2=" " tag="029"><subfield code="a">AU@</subfield><subfield code="b">000025879813</subfield></datafield><datafield ind1=" " ind2=" " tag="042"><subfield code="a">pcc</subfield></datafield><datafield ind1=" " ind2=" " tag="043"><subfield code="a">n-us-il</subfield></datafield><datafield ind1="0" ind2=" " tag="130"><subfield code="a">Northwest herald (Woodstock, Ill.)</subfield></datafield><datafield ind1="1" ind2="0" tag="245"><subfield code="a">Northwest herald.</subfield></datafield><datafield ind1="1" ind2=" " tag="246"><subfield code="i">Published on Sunday as:</subfield><subfield code="a">Sunday Northwest herald</subfield><subfield code="f">Mar. 12, 1989-</subfield></datafield><datafield ind1=" " ind2=" " tag="260"><subfield code="a">Woodstock, Ill. :</subfield><subfield code="b">Northwest Newspapers Inc.,</subfield><subfield code="c">1985-</subfield></datafield><datafield ind1="3" ind2=" " tag="260"><subfield code="3">Sept. 15, 1990-</subfield><subfield code="a">Crystal Lake, Ill.</subfield></datafield><datafield ind1=" " ind2=" " tag="300"><subfield code="a">v.</subfield></datafield><datafield ind1=" " ind2=" " tag="310"><subfield code="a">Daily,</subfield><subfield code="b">Mar. 12, 1989-</subfield></datafield><datafield ind1=" " ind2=" " tag="321"><subfield code="a">Weekly (except federal holidays),</subfield><subfield code="b">Aug. 31-Oct. 12, 1985</subfield></datafield><datafield ind1=" " ind2=" " tag="321"><subfield code="a">Daily (except Sunday and federal holidays),</subfield><subfield code="b">Oct. 14, 1985-Mar. 11, 1989</subfield></datafield><datafield ind1="0" ind2=" " tag="362"><subfield code="a">Aug. 31, 1985-</subfield></datafield><datafield ind1=" " ind2="0" tag="651"><subfield code="a">Crystal Lake (Ill.)</subfield><subfield code="v">Newspapers.</subfield></datafield><datafield ind1=" " ind2="0" tag="651"><subfield code="a">Woodstock (Ill.)</subfield><subfield code="v">Newspapers.</subfield></datafield><datafield ind1=" " ind2="0" tag="651"><subfield code="a">Marengo (Ill.)</subfield><subfield code="v">Newspapers.</subfield></datafield><datafield ind1=" " ind2="0" tag="651"><subfield code="a">Carpentersville (Ill.)</subfield><subfield code="v">Newspapers.</subfield></datafield><datafield ind1=" " ind2="0" tag="651"><subfield code="a">Harvard (Ill.)</subfield><subfield code="v">Newspapers.</subfield></datafield><datafield ind1=" " ind2="0" tag="651"><subfield code="a">Barrington (Ill.)</subfield><subfield code="v">Newspapers.</subfield></datafield><datafield ind1=" " ind2="0" tag="651"><subfield code="a">Cary (Ill.)</subfield><subfield code="v">Newspapers.</subfield></datafield><datafield ind1=" " ind2="0" tag="651"><subfield code="a">Fox River Grove (Ill.)</subfield><subfield code="v">Newspapers.</subfield></datafield><datafield ind1=" " ind2="0" tag="651"><subfield code="a">McHenry County (Ill.)</subfield><subfield code="v">Newspapers.</subfield></datafield><datafield ind1=" " ind2="7" tag="655"><subfield code="a">Newspapers.</subfield><subfield code="2">fast</subfield><subfield code="0">(OCoLC)fst01423814</subfield></datafield><datafield ind1=" " ind2="7" tag="651"><subfield code="a">Illinois</subfield><subfield code="z">Barrington.</subfield><subfield code="2">fast</subfield><subfield code="0">(OCoLC)fst01225794</subfield></datafield><datafield ind1=" " ind2="7" tag="651"><subfield code="a">Illinois</subfield><subfield code="z">Carpentersville.</subfield><subfield code="2">fast</subfield><subfield code="0">(OCoLC)fst01218462</subfield></datafield><datafield ind1=" " ind2="7" tag="651"><subfield code="a">Illinois</subfield><subfield code="z">Cary.</subfield><subfield code="2">fast</subfield><subfield code="0">(OCoLC)fst01217728</subfield></datafield><datafield ind1=" " ind2="7" tag="651"><subfield code="a">Illinois</subfield><subfield code="z">Crystal Lake.</subfield><subfield code="2">fast</subfield><subfield code="0">(OCoLC)fst01213447</subfield></datafield><datafield ind1=" " ind2="7" tag="651"><subfield code="a">Illinois</subfield><subfield code="z">Fox River Grove.</subfield><subfield code="2">fast</subfield><subfield code="0">(OCoLC)fst01217729</subfield></datafield><datafield ind1=" " ind2="7" tag="651"><subfield code="a">Illinois</subfield><subfield code="z">Harvard.</subfield><subfield code="2">fast</subfield><subfield code="0">(OCoLC)fst01250141</subfield></datafield><datafield ind1=" " ind2="7" tag="651"><subfield code="a">Illinois</subfield><subfield code="z">Marengo.</subfield><subfield code="2">fast</subfield><subfield code="0">(OCoLC)fst01232878</subfield></datafield><datafield ind1=" " ind2="7" tag="651"><subfield code="a">Illinois</subfield><subfield code="z">McHenry County.</subfield><subfield code="2">fast</subfield><subfield code="0">(OCoLC)fst01214997</subfield></datafield><datafield ind1=" " ind2="7" tag="651"><subfield code="a">Illinois</subfield><subfield code="z">Woodstock.</subfield><subfield code="2">fast</subfield><subfield code="0">(OCoLC)fst01217888</subfield></datafield><datafield ind1=" " ind2=" " tag="752"><subfield code="a">United States</subfield><subfield code="b">Illinois</subfield><subfield code="c">McHenry</subfield><subfield code="d">Woodstock.</subfield></datafield><datafield ind1=" " ind2=" " tag="752"><subfield code="a">United States</subfield><subfield code="b">Illinois</subfield><subfield code="c">McHenry</subfield><subfield code="d">Crystal Lake.</subfield></datafield><datafield ind1="0" ind2="5" tag="780"><subfield code="t">Marengo beacon/Republican-news</subfield><subfield code="w">(DLC)sn 94054419</subfield><subfield code="w">(OCoLC)30790677</subfield></datafield><datafield ind1="0" ind2="5" tag="780"><subfield code="t">Cardunal free press (Carpentersville, Ill.)</subfield><subfield code="w">(DLC)sn 85006858</subfield><subfield code="w">(OCoLC)12410578</subfield></datafield><datafield ind1="0" ind2="5" tag="780"><subfield code="t">Harvard herald (Harvard, Ill. : 1940)</subfield><subfield code="w">(DLC)sn 82015342</subfield><subfield code="w">(OCoLC)8813886</subfield></datafield><datafield ind1="0" ind2="5" tag="780"><subfield code="t">Barrington banner</subfield><subfield code="w">(DLC)sn 94054420</subfield><subfield code="w">(OCoLC)30788188</subfield></datafield><datafield ind1="0" ind2="5" tag="780"><subfield code="t">Herald (Crystal Lake, Ill.)</subfield><subfield code="w">(DLC)sn 84008745</subfield><subfield code="w">(OCoLC)10945785</subfield></datafield><datafield ind1="0" ind2="5" tag="780"><subfield code="t">Cary-Grove clarion (Cary, Ill. : 1985)</subfield><subfield code="w">(DLC)sn 94054413</subfield><subfield code="w">(OCoLC)30787164</subfield></datafield><datafield ind1="0" ind2="5" tag="780"><subfield code="t">McHenry plaindealer</subfield><subfield code="w">(DLC)sn 85033792</subfield><subfield code="w">(OCoLC)12268883</subfield></datafield><datafield ind1="0" ind2="5" tag="780"><subfield code="t">Daily sentinel (Woodstock, Ill.)</subfield><subfield code="w">(DLC)sn 84005420</subfield><subfield code="w">(OCoLC)10772930</subfield></datafield></record>